% This file was created with JabRef 2.10.
% Encoding: Cp1252
% http://titlecapitalization.com/#
@Article{7:Abbasi,
  Title                    = {Applying Authorship Analysis to Extremist-Group Web Forum Messages},
  Author                   = {Ahmed Abbasi and Hsinchun Chen},
  Journal                  = {Intelligent Systems, IEEE},
  Year                     = {2005},
  Number                   = {5},
  Pages                    = {67-75},
  Volume                   = {20},
  Type                     = {Journal Article}
}

@Article{14:Aha,
  Title                    = {Instance-Based Learning Algorithms},
  Author                   = {Aha, David W and Kibler, Dennis and Albert, Marc K},
  Journal                  = {Machine learning},
  Year                     = {1991},
  Number                   = {1},
  Pages                    = {37-66},
  Volume                   = {6},
  ISSN                     = {0885-6125},
  Type                     = {Journal Article}
}

@article{5:Altheneyan,
  title={Na{\"\i}ve Bayes Classifiers for Authorship Attribution of Arabic Texts},
  author={Altheneyan, Alaa Saleh and Menai, Mohamed El Bachir},
  journal={Journal of King Saud University-Computer and Information Sciences},
  volume={26},
  number={4},
  pages={473--484},
  year={2014},
  publisher={Elsevier},
  Type                     = {Journal Article}
}

@Misc{21:Coelho,
  Title                    = {Randomized Decimation HyperPipes},
  Author                   = {Abu Deeb, Zainab and Devine, Thomas and Geng, Zongyu},
  Year                     = {2010},
  Type                     = {Electronic Article} ,
  URL					   = {http://citeseerx.ist.psu.edu/viewdoc/download?doi=10.1.1.433.8586&rep=rep1&type=pdf},
  publisher={Citeseer}
}


@Misc{vocabSize,
author = {Mark Liberman},
title = {Ask Language Log: Comparing the Vocabularies of Different Languages},
howpublished = {Online},
month = {March},
year = {2008},
URL = {http://itre.cis.upenn.edu/~myl/languagelog/archives/005514.html},
retrieved = {2017}
}

@Article{16:Breiman,
  Title                    = {Random Forests},
  Author                   = {Breiman, Leo},
  Journal                  = {Machine learning},
  Year                     = {2001},
  Number                   = {1},
  Pages                    = {5-32},
  Volume                   = {45},
  ISSN                     = {0885-6125},
  Type                     = {Journal Article}
}

@Article{23:Breiman,
  Title                    = {Bagging Predictors},
  Author                   = {Breiman, Leo},
  Journal                  = {Machine learning},
  Year                     = {1996},
  Number                   = {2},
  Pages                    = {123-140},
  Volume                   = {24},
  ISSN                     = {0885-6125},
  Type                     = {Journal Article}
}

@Article{10:Chang,
  Title                    = {LIBSVM: A Library for Support Vector Machines},
  Author                   = {Chang, Chih-Chung and Lin, Chih-Jen},
  Journal                  = {ACM Transactions on Intelligent Systems and Technology (TIST)},
  Year                     = {2011},
  Number                   = {3},
  Pages                    = {27},
  Volume                   = {2},
  ISSN                     = {2157-6904},
  Type                     = {Journal Article}
}

@InProceedings{13:Cleary,
  Title                    = {K*: An Instance-Based Learner Using an Entropic Distance Measure},
  Author                   = {Cleary, John G and Trigg, Leonard E},
  Booktitle                = {Proc. of the 12th International Conference on Machine learning},
  Pages                    = {108-114},
  Volume                   = {5},
  Type                     = {Conference Proceedings},
  Year					   = {1995}
}

@InProceedings{20:Cohen,
  Title                    = {Fast Effective Rule Induction},
  Author                   = {Cohen, William W.},
  Booktitle                = {Proc. of the Twelfth International Conference on Machine Learning},
  year					   = {1995},
  Pages                    = {115-123},
  Type                     = {Conference Proceedings}
}

@InBook{15:Demiroz,
  Title                    = {Classification by Voting Feature Intervals},
  Author                   = {Demir{\"o}z, G{\"u}l{\c{s}}en and G{\"u}venir, H Altay},
  Pages                    = {85-92},
  Publisher                = {Springer},
  Year                     = {1997},
  Type                     = {Book Section},
  Booktitle                = {Machine Learning: ECML-97},
  ISBN                     = {3540628584}
}

@inproceedings{24:Furnkranz,
  Title                    = {Incremental Reduced Error Pruning},
  Author                   = {F\"{u}rnkranz, Johannes and Widmer, Gerhard},
  Year                     = {1994},
  Type                     = {Journal Article},
  booktitle                = {Proc. of the 11th International Conference on Machine Learning (ML)},
  pages={70--77}
}

@Article{9:FAN,
  Title                    = {LIBLINEAR: A Library for Large Linear Classification},
  Author                   = {Fan, Rong-En and Chang, Kai-Wei and Hsieh, Cho-Jui and Wang, Xiang-Rui and Lin, Chih-Jen},
  Journal                  = {The Journal of Machine Learning Research},
  Year                     = {2008},
  Pages                    = {1871-1874},
  Volume                   = {9},
  ISSN                     = {1532-4435},
  Type                     = {Journal Article}
}

@Article{12:FAN,
  Title                    = {Working Set Selection Using Second Order Information for Training Support Vector Machines},
  Author                   = {Fan, Rong-En and Chen, Pai-Hsuen and Lin, Chih-Jen},
  Journal                  = {The Journal of Machine Learning Research},
  Year                     = {2005},
  Pages                    = {1889-1918},
  Volume                   = {6},
  ISSN                     = {1532-4435},
  Type                     = {Journal Article}
}

@Article{19:Frank,
  Title                    = {Generating Accurate Rule Sets Without Global Optimization},
  Author                   = {Frank, Eibe and Witten, Ian H},
  Year                     = {1998},
  ISSN                     = {1170-487X},
  Type                     = {Journal Article}
}

@Article{8:Hall,
  Title                    = {The WEKA Data Mining Software: An Update},
  Author                   = {Hall, Mark and Frank, Eibe and Holmes, Geoffrey and Pfahringer, Bernhard and Reutemann, Peter and Witten, Ian H},
  Journal                  = {ACM SIGKDD explorations newsletter},
  Year                     = {2009},
  Number                   = {1},
  Pages                    = {10-18},
  Volume                   = {11},
  ISSN                     = {1931-0145},
  Type                     = {Journal Article}
}

@Article{1:Jiawei,
  Title                    = {Data Mining: Concepts and Techniques},
  Author                   = {Han, Jiawei and Kamber, Micheline},
  Journal                  = {San Francisco, CA, itd: Morgan Kaufmann},
  Year                     = {2001},
  Volume                   = {5},
  Type                     = {Journal Article}
}

@InProceedings{2:John,
  Title                    = {Estimating Continuous Distributions in Bayesian Classifiers},
  Author                   = {John, George H and Langley, Pat},
  Booktitle                = {Proc. of the Eleventh conference on Uncertainty in artificial intelligence},
  Pages                    = {338-345},
  Publisher                = {Morgan Kaufmann Publishers Inc.},
  ISBN                     = {1558603859},
  Type                     = {Conference Proceedings},
  Year			 		   = {1995}
}

@Article{17:Quinlan,
  Title                    = {C4.5: Programs for Machine Learning},
  Author                   = {Quinlan, John Ross},
  Journal                  = {The Morgan Kaufmann Series in Machine Learning, San Mateo, CA: Morgan Kaufmann,| c1993},
  Year                     = {1993},
  Volume                   = {1},

  Type                     = {Journal Article}
}

@Article{18:Quinlan,
  Title                    = {Induction of Decision Trees},
  Author                   = {Quinlan, John Ross},
  Journal                  = {Machine Learning},
  Year                     = {1986},
  Number                   = {1},
  Pages                    = {81-106},
  Volume                   = {1},
  Doi                      = {10.1023/A:1022643204877},
  ISSN                     = {0885-6125},
  Type                     = {Journal Article},
  Url                      = {http://dx.doi.org/10.1023/A%3A1022643204877}
}

@InProceedings{22:Schapire,
  Title                    = {Experiments With a New Boosting Algorithm},
  Author                   = {Schapire, Yoav Freund and Robert E.},
  Booktitle                = {Proc. of the Thirteenth International Conference on Machine Learning},
  Pages                    = {148-156},
  Type                     = {Conference Proceedings},
  Year                     = {1996}
}

@InBook{11:Shmilovici,
  Title                    = {Support Vector Machines},
  Author                   = {Shmilovici, Armin},
  Chapter                  = {12},
  Editor                   = {Maimon, Oded and Rokach, Lior},
  Pages                    = {257-276},
  Publisher                = {Springer US},
  Year                     = {2005},
  Type                     = {Book Section},
  Booktitle                = {Data Mining and Knowledge Discovery Handbook},
  Doi                      = {10.1007/0-387-25465-X_12},
  ISBN                     = {978-0-387-24435-8},
  Url                      = {http://dx.doi.org/10.1007/0-387-25465-X_12}
}

@Article{Stamatatos.e:2009,
  author   = {Stamatatos, Efstathios},
  title    = {A Survey of Modern Authorship Attribution Methods},
  journal  = {Journal of the American Society for information Science and Technology},
  year     = {2009},
  volume   = {60},
  number   = {3},
  pages    = {538-556},
  comment  = {A survey, IB vs. SB : Pros and Cons},
  keywords = {rank5},
  type     = {Journal Article},
}

@Book{4:Witten,
  Title                    = {Data Mining: Practical Machine Learning Tools and Techniques},
  Author                   = {Witten, Ian H and Frank, Eibe},
  Publisher                = {Morgan Kaufmann},
  Year                     = {2005},
  Edition                  = {Third Ed},

  ISBN                     = {008047702X},
  Type                     = {Book}
}

@article{Koppel.M:2009,
   author = {Koppel, Moshe and Schler, Jonathan and Argamon, Shlomo},
   title = {Computational Methods in Authorship Attribution},
   journal = {Journal of the American Society for information Science and Technology},
   volume = {60},
   number = {1},
   pages = {9-26},
   year = {2009},
   type = {Journal Article}
}

@article{Iqbal.F:2008,
   author = {Iqbal, Farkhund and Hadjidj, Rachid and Fung, Benjamin C. M. and Debbabi, Mourad},
   title = {A Novel Approach of Mining Write-Prints for Authorship Attribution in E-Mail Forensics},
   journal = {Digital Investigation},
   volume = {5},
   pages = {S42-S51},
   ISSN = {1742-2876},
   year = {2008},
   type = {Journal Article}
}

@article{Iqbal.F:2013,
  title={A Unified Data Mining Solution for Authorship Analysis in Anonymous Textual Communications},
  author={Iqbal, Farkhund and Binsalleeh, Hamad and Fung, Benjamin C. M. and Debbabi, Mourad},
  journal={Information Sciences},
  volume={231},
  pages={98--112},
  year={2013},
  publisher={Elsevier}
}

@article{27:DeVel,
  title={Mining E-Mail Content for Author Identification Forensics},
  author={de Vel, Olivier and Anderson, Alison and Corney, Malcolm and Mohay, George},
  journal={ACM Sigmod Record},
  volume={30},
  number={4},
  pages={55--64},
  year={2001},
  publisher={ACM}
}

@article{29:Zheng,
  title={A Framework for Authorship Identification of Online Messages: Writing-Style Features and Classification Techniques},
  author={Zheng, Rong and Li, Jiexun and Chen, Hsinchun and Huang, Zan},
  journal={Journal of the American society for information science and technology},
  volume={57},
  number={3},
  pages={378--393},
  year={2006},
  publisher={Wiley Online Library}
} 

@inproceedings{31:ishihara,
  title={A Forensic Authorship Classification in Sms Messages: A Likelihood Ratio Based Approach Using N-Gram},
  author={Ishihara, Shunichi},
  booktitle={Proc. of the Australasian Language Technology Association Workshop 2011},
  pages={47--56},
  year={2011}
}


%article{32:ragel,
%  title={Authorship Detection of SMS Messages Using Unigrams},
%  author={Ragel, Roshan G and Herath, Pramod and Senanayake, Upul},
%  journal={arXiv preprint arXiv:1403.1314},
%  year={2014}
%}

@inproceedings{32:ragel,
  title={Authorship Detection of SMS Messages Using Unigrams},
  author={Ragel, Roshan and Herath, Pramod and Senanayake, Upul},
  booktitle={Proc. of the 8th International Conference on Industrial and Information Systems (ICIIS)},
  pages={387--392},
  year={2013},
  organization={IEEE}
}

@incollection{37:Turkoglu,
year={2007},
isbn={978-3-540-74170-1},
booktitle={Advanced Intelligent Computing Theories and Applications. With Aspects of Theoretical and Methodological Issues},
volume={4681},
series={Lecture Notes in Computer Science},
editor={Huang, De-Shuang and Heutte, Laurent and Loog, Marco},
doi={10.1007/978-3-540-74171-8_110},
title={Author Attribution of Turkish Texts by Feature Mining},
url={http://dx.doi.org/10.1007/978-3-540-74171-8_110},
publisher={Springer Berlin Heidelberg},
keywords={Author attribution; n-grams; Text classification; Feature extraction; Turkish documents},
author={T\"{u}rko\u{g}lu , Filiz and Diri, Banu and Amasyalı, M.Fatih},
pages={1086-1093},
language={English}
}

@incollection{38:coyotl,
  title={Authorship Attribution Using Word Sequences},
  author={Coyotl-Morales, Rosa Mar{\'\i}a and Villase{\~n}or-Pineda, Luis and Montes-y-G{\'o}mez, Manuel and Rosso, Paolo},
  booktitle={Progress in Pattern Recognition, Image Analysis and Applications},
  pages={844--853},
  year={2006},
  publisher={Springer}
}



@article{42:AbdulRazzaq,
  title={Burrows-Delta Method Fitness for Arabic Text Authorship Stylometric Detection},
  author={AbdulRazzaq, Ammar Adil and Mustafa, Tareef Kamil},
  year={2014}
}

@INPROCEEDINGS{36:Shaker, 
booktitle={Proc. of The Computational Intelligence (UKCI) Workshop}, 
title={Authorship Attribution in Arabic Using a Hybrid of Evolutionary Search and Linear Discriminant Analysis}, 
year={2010}, 
month={Sept}, 
pages={1-6}, 
keywords={evolutionary computation;text analysis;Arabic authorship attribution;Arabic function word approach;evolutionary search;linear discriminant analysis;usage pattern;Accuracy;Biological cells;Books;Learning systems;Linear discriminant analysis;Support vector machine classification;Training}, 
doi={10.1109/UKCI.2010.5625580},
author = {Shaker, Kareem and Corne, David},   
   publisher = {IEEE}, 
   ISBN = {1424487749},
   address = {UK},
   type = {Conference Proceedings}
}

@article{41kumar,
  title={Assessment on Stylometry for Multilingual Manuscript},
  author={Kumar, Sushil and Chaurasia, Mousmi A},
  journal={Assessment},
  volume={2},
  number={9},
  pages={01--06},
  year={2012}
}

@article{44:Rubin,
  title={Word-Initial and Word-Final Ngram Frequencies},
  author={Rubin, David C},
  journal={Journal of Literacy Research},
  volume={10},
  number={2},
  pages={171--183},
  year={1978},
  publisher={SAGE Publications}
}

@inproceedings{46:shaker,
  title={Investigating Hybrids of Evolutionary Search and Linear Discriminant Analysis for Authorship Attribution},
  author={Shaker, Kareem and Corne, David and Everson, Richard},
  booktitle={Proc. of the IEEE Congress on Evolutionary Computation (CEC)},
  pages={2071--2077},
  year={2007},
  organization={IEEE}
}

@article{scikit-learn,
 title={Scikit-learn: Machine Learning in {P}ython},
 author={Pedregosa, Fabian and Varoquaux, Ga{\"{e}}l and Gramfort, Alexandre and Michel, Vincent
         and Thirion, Bertrand and Grisel, Olivier and Blondel, Mathieu and Prettenhofer, Peter
         and Weiss, Ron and Dubourg, Vincent and Vanderplas, Jake and Passos, Alexandre and
         Cournapeau, David and Brucher, Matthieu and Perrot, Matthieu and Duchesnay, Edouard},
 journal={Journal of Machine Learning Research},
 volume={12},
 pages={2825--2830},
 year={2011}
}

@article{Mosteller.F:1964,
  title={Inference in an authorship problem: A comparative study of discrimination methods applied to the authorship of the disputed Federalist Papers},
  author={Mosteller, Frederick and Wallace, David L},
  journal={Journal of the American Statistical Association},
  volume={58},
  number={302},
  pages={275--309},
  year={1963},
  publisher={Taylor \& Francis Group}
}

@inproceedings{48:Alwajeeh,
   author = {Alwajeeh, Ahmed and Al-Ayyoub, Mahmoud and Hmeidi, Ismail},
   title = {On Authorship Authentication of Arabic Articles},
   booktitle = {Proc. of the 5th International Conference on Information and Communication Systems (ICICS)},
   pages = {1-6},
   year={2014},
  organization={IEEE},
   type = {Conference Proceedings}
}

@inproceedings{49:ouamour,
  title={Authorship Attribution of Short Historical Arabic Texts Based on Lexical Features},
  author={Ouamour, Siham and Sayoud, Halim},
  booktitle={Proc. of the International Conference on Cyber-Enabled Distributed Computing and Knowledge Discovery (CyberC)},
  pages={144--147},
  year={2013},
  organization={IEEE}
}

@article{50:Duwairi,
  title={Feature Reduction Techniques for Arabic Text Categorization},
  author={Duwairi, Rehab and Al-Refai, Mohammad Nayef and Khasawneh, Natheer},
  journal={Journal of the American society for information science and technology},
  volume={60},
  number={11},
  pages={2347--2352},
  year={2009},
  publisher={Wiley Online Library}
}

@article{Ding.S:2015,
 author = {Ding, Steven H. H. and Fung, Benjamin C. M. and Debbabi, Mourad},
 title = {A Visualizable Evidence-Driven Approach for Authorship Attribution},
 journal = {ACM Trans. Inf. Syst. Secur.},
 issue_date = {March 2015},
 volume = {17},
 number = {3},
 month = mar,
 year = {2015},
 issn = {1094-9224},
 pages = {12:1--12:30},
 articleno = {12},
 numpages = {30},
 url = {http://doi.acm.org/10.1145/2699910},
 doi = {10.1145/2699910},
 acmid = {2699910},
 publisher = {ACM},
 address = {New York, NY, USA},
 keywords = {Authorship attribution, computational linguistics, cyber forensics, text mining}
} 


@inproceedings{cristani2012conversationally,
  title={Conversationally-Inspired Stylometric Features for Authorship Attribution in Instant Messaging},
  author={Cristani, Marco and Roffo, Giorgio and Segalin, Cristina and Bazzani, Loris and Vinciarelli, Alessandro and Murino, Vittorio},
  booktitle={Proc. of the 20th ACM international conference on Multimedia},
  pages={1121--1124},
  year={2012},
  organization={ACM}
}

@inproceedings{layton2012authorship,
  title={Authorship Attribution of Irc Messages Using Inverse Author Frequency},
  author={Layton, Robert and McCombie, Stephen and Watters, Paul},
  booktitle={Proc. of the 3rd Cybercrime and Trustworthy Computing Workshop (CTC)},
  pages={7--13},
  year={2012}
}
  %organization={IEEE}
  
@inproceedings{inches2013finding,
  title={Finding Participants in a Chat: Authorship Attribution for Conversational Documents},
  author={Inches, Giacomo and Harvey, Morgan and Crestani, Fabio},
  booktitle={Proc. of the International Conference on Social Computing (SocialCom)},
  pages={272--279},
  year={2013},
  organization={IEEE}
}


@techreport{boutwell2011authorship,
  title={Authorship Attribution of Short Messages Using Multimodal Features},
  author={Boutwell, Sarah R},
  year={2011},
  institution={DTIC Document}
}

@incollection{cavalcante2014large,
  title={Large-Scale Micro-Blog Authorship Attribution: Beyond Simple Feature Engineering},
  author={Cavalcante, Thiago and Rocha, Anderson and Carvalho, Ariadne},
  booktitle={Progress in Pattern Recognition, Image Analysis, Computer Vision, and Applications},
  pages={399--407},
  year={2014},
  publisher={Springer}
}

@inproceedings{Bhargava.M:2013,
  title={Stylometric Analysis for Authorship Attribution on Twitter},
  author={Bhargava, Mudit and Mehndiratta, Pulkit and Asawa, Krishna},
  booktitle={International Conference on Big Data Analytics},
  pages={37--47},
  year={2013},
  organization={Springer},
  __markedentry = {[Malek:1]},
  comment       = {Also on twitter (huge number of instances), with grouping},
  keywords      = {rank5},
}

@incollection{silva2011twazn,
  title={‘twazn me!!!;(’Automatic Authorship Analysis of Micro-Blogging Messages},
  author={Silva, Rui Sousa and Laboreiro, Gustavo and Sarmento, Lu{\'\i}s and Grant, Tim and Oliveira, Eug{\'e}nio and Maia, Belinda},
  booktitle={Natural Language Processing and Information Systems},
  pages={161--168},
  year={2011},
  publisher={Springer}
}

@article{russell2005ai,
  title={Artificial Intelligence a Modern Approach},
  author={Russell, Stuart and Norvig, Peter},
  journal={Learning},
  volume={2},
  number={3},
  pages={4},
  year={2005}
}

@book{Hofmann:2013,
 author = {Hofmann, Markus and Klinkenberg, Ralf},
 title = {RapidMiner: Data Mining Use Cases and Business Analytics Applications},
 year = {2013},
 isbn = {1482205491, 9781482205497},
 publisher = {Chapman \& Hall/CRC},
}

@Misc{Lanugages,
  author = {{Miniwatts Marketing Group}},
  title = {Internet World Users by Language},
  publisher = {www.internetworldstats.com},
  Month = {December},
  year = 2013,
  url = {http://www.internetworldstats.com/stats7.htm},
  urldate = {2015-08-01}
}

@InProceedings{Layton.R:2010,
  author        = {Layton, Robert and Watters, Paul and Dazeley, Richard},
  title         = {Authorship Attribution for Twitter in 140 Characters or Less},
  booktitle     = {Proc. of the Second Cybercrime and Trustworthy Computing Workshop (CTC)},
  year          = {2010},
  pages         = {1--8},
  organization  = {IEEE},
  __markedentry = {[Malek:1]},
  comment       = {On Twitter},
  keywords      = {rank5},
}

@InProceedings{3:McCallum,
  Title                    = {A Comparison of Event Models for Naive Bayes Text Classification},
  Author                   = {McCallum, Andrew and Nigam, Kamal},
  Booktitle                = {Proc. of the AAAI Workshop on Learning for Text Categorization},
  Pages                    = {41-48},
  Publisher                = {Citeseer},
  Volume                   = {752},
  Year					   = {1998},
  Type                     = {Conference Proceedings}
}

@inproceedings{33:amuchi,
  title={Identifying Cyber Predators Through Forensic Authorship Analysis of Chat Logs},
  author={Amuchi, Faith and Al-Nemrat, Ameer and Alazab, Mamoun and Layton, Robert},
  booktitle={Proc. of the Third Cybercrime and Trustworthy Computing Workshop (CTC)},
  pages={28--37},
  year={2012},
  organization={IEEE}
}

@inproceedings{34:okuno,
  title={A Challenge of Authorship Identification for Ten-Thousand-Scale Microblog Users},
  author={Okuno, Syunya and Asai, Hiroki and Yamana, Hayato},
  booktitle={Proc. of the International Conference on Big Data (IEEE BigData)},
  pages={52--54},
  year={2014},
  organization={IEEE}
}

@inproceedings{39:mikros,
  title={Authorship Attribution in Greek Tweets Using Author's Multilevel N-Gram Profiles},
  author={Mikros, George K and Perifanos, Kostas},
  booktitle={Proc. of the AAAI Spring Symposium: Analyzing Microtext},
  Pages={17-23},
  year={2013}
}



@inproceedings{donais2013summary,
  title={Summary: A System for the Automated Author Attribution of Text and Instant Messages},
  author={Donais, Jonathan A and Frost, Richard A and Peelar, Shane M and Roddy, Robert A},
  booktitle={Proc. of the IEEE/ACM International Conference on Advances in Social Networks Analysis and Mining (ASONAM)},
  pages={1484--1485},
  year={2013},
  organization={IEEE}
}

@inproceedings{schwartz2013authorship,
  title={Authorship Attribution of Micro-Messages},
  author={Schwartz, Roy and Tsur, Oren and Rappoport, Ari and Koppel, Moshe},
  booktitle={Proc. of the Conference on Empirical Methods on Natural Language Processing (EMNLP)},
  pages={1880--1891},
  year={2013}
}

@inproceedings{ruggieri2012subtree,
  title={Subtree Replacement in Decision Tree Simplification},
  author={Ruggieri, Salvatore},
  booktitle={Proc. of SIAM International Conference on Data Mining (SDM)},
  pages={379--390},
  year={2012},
  organization={SIAM}
}

@inproceedings{kevselj2003n,
  title={N-Gram-Based Author Profiles for Authorship Attribution},
  author={Ke{\v{s}}elj, Vlado and Peng, Fuchun and Cercone, Nick and Thomas, Calvin},
  booktitle={Proc. of the Conference Pacific Association for Computational Linguistics, PACLING},
  volume={3},
  pages={255--264},
  year={2003}
}

@article{f2007identifying,
  title={Identifying Authorship by Byte-Level N-Grams: The Source Code Author Profile (SCAP) Method},
  author={Frantzeskou, Georgia and Stamatatos, Efstathios and Gritzalis, Stefanos and Chaski, Carole E and Howald, Blake Stephen},
  journal={International Journal of Digital Evidence},
  volume={6},
  number={1},
  pages={1--18},
  year={2007}
}

@article{layton2012recentred,
  title={Recentred Local Profiles for Authorship Attribution},
  author={Layton, Robert and Watters, Paul and Dazeley, Richard},
  journal={Natural Language Engineering},
  volume={18},
  number={03},
  pages={293--312},
  year={2012},
  issue = {03},
month = {7},
issn = {1469-8110},
pages = {293--312},
numpages = {20},
doi = {10.1017/S1351324911000180},
URL = {http://journals.cambridge.org/article_S1351324911000180},
  publisher={Cambridge University Press}
}

@article{Luyckx.K:2011,
  title={The Effect of Author Set Size and Data Size in Authorship Attribution},
  author={Luyckx, Kim and Daelemans, Walter},
  journal={Literary and linguistic Computing},
  volume={26},
  number={1},
  pages={35--55},
  year={2011},
  publisher={ALLC}
}

@online{arabicNames,
author = {ArabiNames.com},
title = {Arabi Names},
year = {2015},
url = {http://arabinames.com/categories.aspx},
OPTlanguage = {Arabic},
OPTurldate = {June}
}

@article{chaski2005s,
author = {Chaski, Carole E},
title = {Who's at the Keyboard? Authorship Attribution in Digital Evidence Investigations},
journal = {International Journal of Digital Evidence},
year = {2005},
volume={4},
  number={1},
  pages={1--13}
}

@article{kredens2006status,
  title={On the Status of Linguistic Evidence in Litigation},
  author={Kredens, Krzysztof},
  year={2006},
  publisher={SORUS SC Wydawnictwo}
}

@Book{Juola.p:2008,
  author        = {Juola, Patrick},
  title         = {Authorship Attribution},
  journal       = {Foundations and Trends{\textregistered} in Information Retrieval},
  year          = {2008},
  volume        = {1},
  pages         = {233--334},
  __markedentry = {[Malek:1]},
  comment       = {Has everything},
  keywords      = {rank5},
  publisher     = {Now Publishers, Inc.},
}

@inproceedings{luyckx2008authorship,
  title={Authorship Attribution and Verification With Many Authors and Limited Data},
  author={Luyckx, Kim and Daelemans, Walter},
  booktitle={Proc. of the 22nd International Conference on Computational Linguistics-Volume 1},
  pages={513--520},
  year={2008},
  organization={Association for Computational Linguistics}
}

@online{FAQ,
author = {Chih-Jen Lin},
title = {LibLinear FAQ},
year = {2015},
url = {https://www.csie.ntu.edu.tw/~cjlin/liblinear/FAQ.html}
}

@inproceedings{manning2014stanford,
  author    = {Manning, Christopher D. and  Surdeanu, Mihai  and  Bauer, John  and  Finkel, Jenny  and  Bethard, Steven J. and  McClosky, David},
  title     = {The {Stanford} {CoreNLP} Natural Language Processing Toolkit},
  booktitle = {Association for Computational Linguistics (ACL) System Demonstrations},
  year      = {2014},
  pages     = {55--60},
  url       = {http://www.aclweb.org/anthology/P/P14/P14-5010}
}

@online{ttest_Tokey,
author = {Simon, Steve},
title = {When the F Test Is Significant, but Tukey Is Not},
year = {2005},
url = {http://www.pmean.com/05/TukeyTest.html},
OPTdate = {2005-09-09}
}

@article{kjell1994discrimination,
  title={Discrimination of Authorship Using Visualization},
  author={Kjell, Bradley and Woods, W Addison and Frieder, Ophir},
  journal={Information Processing \& Management},
  volume={30},
  number={1},
  pages={141--150},
  year={1994},
  publisher={Elsevier}
}

@inproceedings{Abbasi.A:2006,
  title={Visualizing Authorship for Identification},
  author={Abbasi, Ahmed and Chen, Hsinchun},
  booktitle={International Conference on Intelligence and Security Informatics},
  pages={60--71},
  year={2006},
  organization={Springer}
}

@article{benjamin2014evaluating,
  title={Evaluating Text Visualization for Authorship Analysis},
  author={Benjamin, Victor and Chung, Wingyan and Abbasi, Ahmed and Chuang, Joshua and Larson, Catherine A and Chen, Hsinchun},
  journal={Security Informatics},
  volume={3},
  number={1},
  pages={10},
  year={2014},
  publisher={Springer Berlin Heidelberg}
}

@online{TwitterDev,
author = {Twitter},
title = {Developer Agreement and Policy},
year = {2017},
url = {https://dev.twitter.com/overview/terms/agreement-and-policy},
date = {2017-06-18}
}

@online{inAcademia,
author = {Nick Taylor},
title = {Twitter and Open Data in Academia},
year = {2015},
month = {09},
url = {https://twittercommunity.com/t/twitter-and-open-data-in-academia/51934},
urldate = {2017-07-20}
}

@online{ACMGuide,
author = {ACM},
title = {Citation Style and Reference Formats},
year = {2017},
url = {http://www.acm.org/publications/authors/reference-formatting},
OPTurldate = {2017-07-20},
}

@article{Rababah2016AuthorshipAO,
  title={Authorship Attribution of Arabic Tweets},
  author={Abdullateef Rabab'ah and Mahmoud Al-Ayyoub and Yaser Jararweh and Monther Aldwairi},
  journal={Proc. of the IEEE/ACS 13th International Conference of Computer Systems and Applications (AICCSA)},
  year={2016},
  pages={1-6}
}

@Article{Ayyoub2017,
author="Al-Ayyoub, Mahmoud
and Jararweh, Yaser
and Rabab'ah, Abdullateef
and Aldwairi, Monther",
title="Feature Extraction and Selection for Arabic Tweets Authorship Authentication",
journal="Journal of Ambient Intelligence and Humanized Computing",
year="2017",
month="Jun",
day="01",
volume="8",
number="3",
pages="383--393",
url="https://doi.org/10.1007/s12652-017-0452-1"
}

@article{IJWIS-03,
author = {Mahmoud Al-Ayyoub and Ahmed Alwajeeh and Ismail Hmeidi},
title = {An Extensive Study of Authorship Authentication of Arabic Articles},
journal = {International Journal of Web Information Systems},
volume = {13},
number = {1},
pages = {85-104},
year = {2017},
doi = {10.1108/IJWIS-03-2016-0011},
URL = { https://doi.org/10.1108/IJWIS-03-2016-0011},
}

@inproceedings{pasha2014madamira,
  title={MADAMIRA: A Fast, Comprehensive Tool for Morphological Analysis and Disambiguation of Arabic.},
  author={Pasha, Arfath and Al-Badrashiny, Mohamed and Diab, Mona T and El Kholy, Ahmed and Eskander, Ramy and Habash, Nizar and Pooleery, Manoj and Rambow, Owen and Roth, Ryan},
  booktitle={LREC},
  volume={14},
  pages={1094--1101},
  year={2014}
}

@inproceedings{habash2005arabic,
  title={Arabic Tokenization, Morphological Analysis, and Part-Of-Speech Tagging in One Fell Swoop},
  author={Habash, Nizar and Rambow, Owen},
  booktitle={Proc. of the Conference of American Association for Computational Linguistics},
  pages={578--580},
  year={2005}
}

@article{diab2007automated,
  title={Automated Methods for Processing Arabic Text: From Tokenization to Base Phrase Chunking},
  author={Diab, Mona and Hacioglu, Kadri and Jurafsky, Daniel},
  journal={Arabic Computational Morphology: Knowledge-Based and Empirical Methods.},
  year={2007}
}

@Article{Abbasi.a:2005,
  author        = {Ahmed Abbasi and Hsinchun Chen},
  title         = {Applying Authorship Analysis to Extremist-Group Web Forum Messages},
  journal       = {IEEE Intelligent Systems},
  year          = {2005},
  volume        = {20},
  number        = {5},
  pages         = {67-75},
  __markedentry = {[Malek:1]},
  comment       = {Instance based, sets of features, web forums},
  keywords      = {rank5},
  type          = {Journal Article},
}

@article{cheng2011author,
  title={Author gender identification from text},
  author={Cheng, Na and Chandramouli, Rajarathnam and Subbalakshmi, KP},
  journal={Digital Investigation},
  volume={8},
  number={1},
  pages={78--88},
  year={2011},
  publisher={Elsevier}
}

@inproceedings{otoom2014towards,
  title={Towards Author Identification of Arabic Text Articles},
  author={Otoom, Ahmed Fawzi and Abdullah, Emad E and Jaafer, Shifaa and Hamdallh, Aseel and Amer, Dana},
  booktitle={Proc. of the 5th Internation Conference on Information and Communication Systems (ICICS)},
  pages={1--4},
  year={2014},
  organization={IEEE}
}
 
@article{hall1998correlation,
  title={Correlation-Based Feature Subset Selection for Machine Learning},
  author={Hall, MA},
  journal={Thesis submitted in partial fulfillment of the requirements of the degree of Doctor of Philosophy at the University of Waikato},
  year={1998}
}



@article{malik:2018,
Author = {Altakrori, Malik H. and Iqbal, Farkhund and Fung, Benjamin C. M. and Ding, Steven H. H. and Tubaishat, Abdallah},
    title = "Arabic Authorship Attribution: An Extensive Study on Twitter Posts",
    journal = "ACM Transactions on Asian and Low-Resource Language Information Processing (TALLIP)",
    volume = "18",
    number = "1",
    articleno = "5",
    pages = "5.1-5.51",
    month = "November",
    year = "2018",
}



@article{Rhodes.d.2015,
  title={Author Attribution With CNNs},
  author={Rhodes, Dylan},
  journal={Avaiable online: https://www. semanticscholar. org/paper/Author-Attribution-with-Cnn-s-Rhodes/0a904f9d6b47dfc574f681f4d3b41bd840871b6f/pdf (accessed on 22 August 2016)},
  year={2015}
}

@article{Ruder.S.2016,
  title={Character-level and multi-channel convolutional neural networks for large-scale authorship attribution},
  author={Ruder, Sebastian and Ghaffari, Parsa and Breslin, John G},
  journal={arXiv preprint arXiv:1609.06686},
  year={2016}
}


@inproceedings{Zhang.X.2015,
  title={Character-level convolutional networks for text classification},
  author={Zhang, Xiang and Zhao, Junbo and LeCun, Yann},
  booktitle={Advances in neural information processing systems},
  pages={649--657},
  year={2015}
}

@inproceedings{wang-etal-2021-mode,
    title = "Mode Effects{'} Challenge to Authorship Attribution",
    author = "Wang, Haining  and
      Riddell, Allen  and
      Juola, Patrick",
    booktitle = "Proceedings of the 16th Conference of the European Chapter of the Association for Computational Linguistics: Main Volume",
    month = apr,
    year = "2021",
    address = "Online",
    publisher = "Association for Computational Linguistics",
    url = "https://www.aclweb.org/anthology/2021.eacl-main.97",
    pages = "1146--1155"
}

@Article{Ding.S:2019,
  author    = {Ding, Steven H. H. and Fung, Benjamin C. M. and Iqbal, Farkhund and Cheung, William K.},
  title     = {Learning Stylometric Representations for Authorship Analysis},
  journal={IEEE Transactions on Cybernetics},
  volume={49},
  number={1},
  pages={107--121},
  year={2019},
  publisher={IEEE}
}

@InProceedings{ge.Z:2016,
  author    = {Ge, Zhenhao and Sun, Yufang and Smith, Mark JT},
  title     = {Authorship Attribution Using a Neural Network Language Model.},
  booktitle = {AAAI},
  year      = {2016},
  pages     = {4212--4213},
  keywords  = {rank5},
  timestamp = {2017.10.27},
}

@inproceedings{Shrestha.P:2017,
  author   = {Shrestha, Prasha and Sierra, Sebastian and Gonz{\'a}lez, Fabio A and Rosso, Paolo and Montes-y-G{\'o}mez, Manuel and Solorio, Thamar},
  title    = {Convolutional Neural Networks for Authorship Attribution of Short Texts},
  booktitle  = {Proc. of the 15th Conference of the European Chapter of the Association for Computational Linguistics (EACL)},
  year     = {2017},
  pages    = {669},
  comment  = {CNN on Text, seems to have a form of visualization},
  keywords = {rank5},
}

@Article{Sari.Y:2017,
  author   = {Sari, Yunita and Vlachos, Andreas and Stevenson, Mark},
  title    = {Continuous N-gram Representations for Authorship Attribution},
  journal  = {Proc. of the 15th Conference of the European Chapter of the Association for Computational Linguistics (EACL)},
  year     = {2017},
  pages    = {267},
  keywords = {rank1},
}

@inproceedings{Ferracane.E:2017,
  title={Leveraging Discourse Information Effectively for Authorship Attribution},
  author={Ferracane, Elisa and Wang, Su and Mooney, Raymond},
  booktitle={Proc. of the Eighth Int'l Joint Conf. on Natural Language Processing},
  volume={1},
  pages = "584--593",
  year={2017}
}

@InProceedings{Stamatatos.E:2017,
  author        = {Stamatatos, Efstathios},
  title         = {Authorship Attribution Using Text Distortion},
  booktitle     = {Proc. of the 15th Conference of the European Chapter of the Association for Computational Linguistics},
  year          = {2017},
  volume        = {1},
  pages         = {1138--1149},
  __markedentry = {[Malek:1]},
  comment       = {Cross-topic},
  keywords      = {rank5}
}

@inproceedings{markov2017improving,
  title={Improving cross-topic authorship attribution: The role of pre-processing},
  author={Markov, Ilia and Stamatatos, Efstathios and Sidorov, Grigori},
  booktitle={International Conference on Computational Linguistics and Intelligent Text Processing},
  pages={289--302},
  year={2017},
  organization={Springer}
}

@InProceedings{Kim.Y:2014,
author = {Kim, Yoon},
title = {Convolutional Neural Networks for Sentence Classification},
booktitle = {Proc. of the 2014 Conf. on Empirical Methods in Natural Language Processing (EMNLP)},
pages = {1746--1751},
year = {2014},
editor    = {Alessandro Moschitti and Bo Pang and Walter Daelemans},
address = {Doha, Qatar},
month = {October},
publisher = {Association for Computational Linguistics}
}

@inproceedings{Pan.L:2017,
  title={Improving Authorship Attribution in Twitter Through Topic-Based Sampling},
  author={Pan, Luoxi and Gondal, Iqbal and Layton, Robert},
  booktitle={Australasian Joint Conference on Artificial Intelligence},
  pages={250--261},
  year={2017},
  organization={Springer}
}

@misc{Oshea.J:2013,
author = {James O'Shea},
title = {Alphabetical order 277 word new function word list},
year = {2013},
howpublished = "\url{https://semanticsimilarity.files.wordpress.com/2013/08/jim-oshea-fwlist-277.pdf}",
note = {[Retrieved Oct. 2019]}
}

@article{Stamatatos.E:2013,
author = {Stamatatos, Efstathios},
year = {2013},
month = {01},
pages = {421-439},
title = {On the robustness of authorship attribution based on character n-gram features},
volume = {21},
journal = {Journal of Law and Policy}
}

@article{granados2012contextual,
  title={Is the contextual information relevant in text clustering by compression?},
  author={Granados, Ana and Camacho, David and Rodr{\'\i}guez, Francisco Borja},
  journal={Expert Systems with Applications},
  volume={39},
  number={10},
  pages={8537--8546},
  year={2012},
  publisher={Elsevier}
}

@inproceedings{Bevendorff.J:2019,
    title = "Bias Analysis and Mitigation in the Evaluation of Authorship Verification",
    author = "Bevendorff, Janek  and
      Hagen, Matthias  and
      Stein, Benno  and
      Potthast, Martin",
    booktitle = "Proc. of the 57th Annual Meeting of the Association for Computational Linguistics",
    month = jul,
    year = "2019",
    address = "Florence, Italy",
    publisher = "Association for Computational Linguistics",
    url = "https://www.aclweb.org/anthology/P19-1634",
    doi = "10.18653/v1/P19-1634",
    pages = "6301--6306",
}

@InProceedings{mikros:2007,
  author =              {{George K.} Mikros and {Eleni K.} Argiri},
  booktitle =           {Workshop on Plagiarism Analysis, Authorship Identification, and Near-Duplicate Detection (PAN 07)},
  editor =              {Benno Stein and Moshe Koppel and Efstathios Stamatatos},
  issn =                {1613-0073},
  month =               jul,
  publisher =           {CEUR-WS.org},
  title =               {Investigating Topic Influence in Authorship Attribution},
  url =                 {http://ceur-ws.org/Vol-276},
  year =                2007
}

@InProceedings{panTask,
  title={Overview of the author identification task at PAN-2018: Cross-domain authorship attribution and style change detection},
  author={Kestemont, Mike and Tschuggnall, Michael and Stamatatos, Efstathios and Daelemans, Walter and Specht, G{\"u}nther and Stein, Benno and Potthast, Martin},
  booktitle={Working Notes of Conference and Labs of the Evaluation Forum (CLEF)},
  pages={1--25},
  year={2018},
}

@inproceedings{bogdanova-lazaridou-2014-cross,
    title = "Cross-Language Authorship Attribution",
    author = "Bogdanova, Dasha  and
      Lazaridou, Angeliki",
    booktitle = "Proc. of the Ninth Int'l Conf. on Language Resources and Evaluation (LREC)",
    month = may,
    year = "2014",
    address = "Reykjavik, Iceland",
    publisher = "European Language Resources Association (ELRA)",
    url = "http://www.lrec-conf.org/proceedings/lrec2014/pdf/145_Paper.pdf",
    pages = "2015--2020",
}

@article{overdorf2016blogs,
  title={Blogs, twitter feeds, and reddit comments: Cross-domain authorship attribution},
  author={Overdorf, Rebekah and Greenstadt, Rachel},
  journal={Proc. on Privacy Enhancing Technologies},
  volume={2016},
  number={3},
  pages={155--171},
  year={2016},
  publisher={De Gruyter Open}
}

@inproceedings{Sapkota.U:2014,
    title = {Cross-Topic Authorship Attribution: Will Out-Of-Topic Data Help?},
    author = {Sapkota, Upendra and Solorio, Thamar and Montes, Manuel and Bethard, Steven and Rosso, Paolo},
    booktitle = "Proc. of the 25th International Conference on Computational Linguistics (COLING)",
    month = {August},
    year = {2014},
    address = {Dublin, Ireland},
    publisher = {Dublin City University and Association for Computational Linguistics},
    url = {https://www.aclweb.org/anthology/C14-1116},
    pages = {1228--1237},
}

@inproceedings{sapkota2015not,
  title={Not all character n-grams are created equal: A study in authorship attribution},
  author={Sapkota, Upendra and Bethard, Steven and Montes, Manuel and Solorio, Thamar},
  booktitle={Proceedings of the 2015 conference of the North American chapter of the association for computational linguistics: Human language technologies},
  pages={93--102},
  year={2015}
}

@InProceedings{sapkota2016domain,
  title={Domain adaptation for authorship attribution: Improved structural correspondence learning},
  author={Sapkota, Upendra and Solorio, Thamar and Montes, Manuel and Bethard, Steven},
  booktitle={Proc. of the 54th Annual Meeting of the Association for Computational Linguistics (ACL)},
  pages={2226--2235},
  year={2016},
  volume={1},
}

@inproceedings{goldstein2009person,
  title={Person identification from text and speech genre samples},
  author={Goldstein, Jade and Winder, Ransom and Sabin, Roberta},
  booktitle={Proc. of the 12th Conference of the European Chapter of the ACL (EACL)},
  pages={336--344},
  year={2009}
}

@inproceedings{sanchez2017comparison,
  title={Comparison of character n-grams and lexical features on author, gender, and language variety identification on the same spanish news corpus},
  author={Sanchez-Perez, Miguel A and Markov, Ilia and G{\'o}mez-Adorno, Helena and Sidorov, Grigori},
  booktitle={Proc. of the Int'l Conf. of the Cross-Language Evaluation Forum for European Languages},
  pages={145--151},
  year={2017},
  organization={Springer}
}

@inproceedings{custodio2019ensemble,
  title={An ensemble approach to cross-domain authorship attribution},
  author={Cust{\'o}dio, Jos{\'e} Eleandro and Paraboni, Ivandr{\'e}},
  booktitle={International Conference of the Cross-Language Evaluation Forum for European Languages},
  pages={201--212},
  year={2019},
  organization={Springer}
}

@article{markov2017authorship,
  title={Authorship attribution in portuguese using character n-grams},
  author={Markov, Ilia and Baptista, Jorge and Pichardo-Lagunas, Obdulia},
  journal={Acta Polytechnica Hungarica},
  volume={14},
  number={3},
  pages={59--78},
  year={2017},
  publisher={Budapest University of Technology and Economics}
}

@article{gomez2018document,
  title={Document embeddings learned on various types of n-grams for cross-topic authorship attribution},
  author={G{\'o}mez-Adorno, Helena and Posadas-Dur{\'a}n, Juan-Pablo and Sidorov, Grigori and Pinto, David},
  journal={Computing},
  volume={100},
  number={7},
  pages={741--756},
  year={2018},
  publisher={Springer}
}

@article{posadas2017application,
  title={Application of the distributed document representation in the authorship attribution task for small corpora},
  author={Posadas-Dur{\'a}n, Juan-Pablo and G{\'o}mez-Adorno, Helena and Sidorov, Grigori and Batyrshin, Ildar and Pinto, David and Chanona-Hern{\'a}ndez, Liliana},
  journal={Soft Computing},
  volume={21},
  number={3},
  pages={627--639},
  year={2017},
  publisher={Springer}
}

@article{rocha2016authorship,
  title={Authorship attribution for social media forensics},
  author={Rocha, Anderson and Scheirer, Walter J and Forstall, Christopher W and Cavalcante, Thiago and Theophilo, Antonio and Shen, Bingyu and Carvalho, Ariadne RB and Stamatatos, Efstathios},
  journal={IEEE Transactions on Information Forensics and Security},
  volume={12},
  number={1},
  pages={5--33},
  year={2016},
  publisher={IEEE}
}

@article{sidorov2014syntactic,
  title={Syntactic n-grams as machine learning features for natural language processing},
  author={Sidorov, Grigori and Velasquez, Francisco and Stamatatos, Efstathios and Gelbukh, Alexander and Chanona-Hern{\'a}ndez, Liliana},
  journal={Expert Systems with Applications},
  volume={41},
  number={3},
  pages={853--860},
  year={2014},
  publisher={Elsevier}
}

@inproceedings{zhang2018syntax,
  title={Syntax encoding with application in authorship attribution},
  author={Zhang, Richong and Hu, Zhiyuan and Guo, Hongyu and Mao, Yongyi},
  booktitle={Proceedings of the 2018 Conference on Empirical Methods in Natural Language Processing},
  pages={2742--2753},
  year={2018}
}

@article{mendenhall1887characteristic,
  title={The characteristic curves of composition},
  author={Mendenhall, Thomas Corwin},
  journal={Science},
  volume={9},
  number={214},
  pages={237--249},
  year={1887},
  publisher={JSTOR}
}



@inproceedings{le2014distributed,
  title={Distributed representations of sentences and documents},
  author={Le, Quoc and Mikolov, Tomas},
  booktitle={International conference on machine learning},
  pages={1188--1196},
  year={2014}
}

@inproceedings{houvardas2006n,
  title={N-gram feature selection for authorship identification},
  author={Houvardas, John and Stamatatos, Efstathios},
  booktitle={International conference on artificial intelligence: Methodology, systems, and applications},
  pages={77--86},
  year={2006},
  organization={Springer}
}

@inproceedings{blitzer-etal-2006-domain,
    title = "Domain Adaptation with Structural Correspondence Learning",
    author = "Blitzer, John  and
      McDonald, Ryan  and
      Pereira, Fernando",
    booktitle = "Proceedings of the 2006 Conference on Empirical Methods in Natural Language Processing",
    month = jul,
    year = "2006",
    address = "Sydney, Australia",
    publisher = "Association for Computational Linguistics",
    url = "https://www.aclweb.org/anthology/W06-1615",
    pages = "120--128",
}

@inproceedings{hitschler-etal-2017-authorship,
    title = "Authorship Attribution with Convolutional Neural Networks and {POS}-Eliding",
    author = "Hitschler, Julian  and
      van den Berg, Esther  and
      Rehbein, Ines",
    booktitle = "Proceedings of the Workshop on Stylistic Variation",
    month = sep,
    year = "2017",
    address = "Copenhagen, Denmark",
    publisher = "Association for Computational Linguistics",
    url = "https://www.aclweb.org/anthology/W17-4907",
    doi = "10.18653/v1/W17-4907",
    pages = "53--58",
}

@article{Barlas2021,
  title={A transfer learning approach to cross-domain authorship attribution},
  author={Barlas, Georgios and Stamatatos, Efstathios},
  journal={Evolving Systems},
  pages={1--19},
  year={2021},
  publisher={Springer}
}

@InProceedings{Barlas2020,
author="Barlas, Georgios
and Stamatatos, Efstathios",
editor="Maglogiannis, Ilias
and Iliadis, Lazaros
and Pimenidis, Elias",
title="Cross-Domain Authorship Attribution Using Pre-trained Language Models",
booktitle="Artificial Intelligence Applications and Innovations",
year="2020",
publisher="Springer International Publishing",
address="Cham",
pages="255--266",
isbn="978-3-030-49161-1"
}

@inproceedings{sundararajan2018represents,
  title={What represents ``style'' in authorship attribution?},
  author={Sundararajan, Kalaivani and Woodard, Damon},
  booktitle={Proceedings of the 27th International Conference on Computational Linguistics},
  pages={2814--2822},
  year={2018}
}

@article{stamatatos2018masking,
author = {Stamatatos, Efstathios},
title = {Masking topic-related information to enhance authorship attribution},
journal = {Journal of the Association for Information Science and Technology},
volume = {69},
number = {3},
pages = {461-473},
doi = {https://doi.org/10.1002/asi.23968},
url = {https://asistdl.onlinelibrary.wiley.com/doi/abs/10.1002/asi.23968},
eprint = {https://asistdl.onlinelibrary.wiley.com/doi/pdf/10.1002/asi.23968},
year = {2018}
}

@misc{devlin2019bert,
      title={BERT: Pre-training of Deep Bidirectional Transformers for Language Understanding}, 
      author={Jacob Devlin and Ming-Wei Chang and Kenton Lee and Kristina Toutanova},
      year={2019},
      eprint={1810.04805},
      archivePrefix={arXiv},
      primaryClass={cs.CL}
}

@inproceedings{peters-etal-2018-elmo,
    title = "Deep Contextualized Word Representations",
    author = "Peters, Matthew  and
      Neumann, Mark  and
      Iyyer, Mohit  and
      Gardner, Matt  and
      Clark, Christopher  and
      Lee, Kenton  and
      Zettlemoyer, Luke",
    booktitle = "Proceedings of the 2018 Conference of the North {A}merican Chapter of the Association for Computational Linguistics: Human Language Technologies, Volume 1 (Long Papers)",
    month = jun,
    year = "2018",
    address = "New Orleans, Louisiana",
    publisher = "Association for Computational Linguistics",
    url = "https://www.aclweb.org/anthology/N18-1202",
    doi = "10.18653/v1/N18-1202",
    pages = "2227--2237",
    }
    
@inproceedings{vaswani2017attention,
  title={Attention is all you need},
  author={Vaswani, Ashish and Shazeer, Noam and Parmar, Niki and Uszkoreit, Jakob and Jones, Llion and Gomez, Aidan N and Kaiser, {\L}ukasz and Polosukhin, Illia},
  booktitle={Advances in neural information processing systems},
  pages={5998--6008},
  year={2017}
}

@InProceedings{bagnall2015author,
  title={Author identification using multi-headed recurrent neural networks},
  author={Bagnall, Douglas},
  booktitle={Working Notes of Conference and Labs of the Evaluation Forum (CLEF)},
  year={2015}
}

@inproceedings{howard2018universal,
  title={Universal Language Model Fine-tuning for Text Classification},
  author={Howard, Jeremy and Ruder, Sebastian},
  booktitle={Proceedings of the 56th Annual Meeting of the Association for Computational Linguistics (Volume 1: Long Papers)},
  pages={328--339},
  year={2018}
}

@article{radford2019language,
  title={Language models are unsupervised multitask learners},
  author={Radford, Alec and Wu, Jeffrey and Child, Rewon and Luan, David and Amodei, Dario and Sutskever, Ilya},
  journal={OpenAI blog},
  volume={1},
  number={8},
  pages={9},
  year={2019}
}

@article{liu2019roberta,
  title={RoBERTa: A Robustly Optimized BERT Pretraining Approach},
  author={Liu, Yinhan and Ott, Myle and Goyal, Naman and Du, Jingfei and Joshi, Mandar and Chen, Danqi and Levy, Omer and Lewis, Mike and Zettlemoyer, Luke and Stoyanov, Veselin},
  journal={arXiv},
  pages={arXiv--1907},
  year={2019}
}

@article{nakkiran2019deep,
  title={Deep double descent: Where bigger models and more data hurt},
  author={Nakkiran, Preetum and Kaplun, Gal and Bansal, Yamini and Yang, Tristan and Barak, Boaz and Sutskever, Ilya},
  journal={arXiv preprint arXiv:1912.02292},
  year={2019}
}

@article{Wolf2019HuggingFacesTS,
  title={HuggingFace's Transformers: State-of-the-art Natural Language Processing},
  author={Thomas Wolf and Lysandre Debut and Victor Sanh and Julien Chaumond and Clement Delangue and Anthony Moi and Pierric Cistac and Tim Rault and Rémi Louf and Morgan Funtowicz and Joe Davison and Sam Shleifer and Patrick von Platen and Clara Ma and Yacine Jernite and Julien Plu and Canwen Xu and Teven Le Scao and Sylvain Gugger and Mariama Drame and Quentin Lhoest and Alexander M. Rush},
  journal={ArXiv},
  year={2019},
  volume={abs/1910.03771}
}